<?xml version="1.0" encoding="UTF-8" ?><marc:collection xmlns:marc="http://www.loc.gov/MARC21/slim" xmlns:xsi="http://www.w3.org/2001/XMLSchema-instance" xsi:schemaLocation="http://www.loc.gov/MARC21/slim http://www.loc.gov/standards/marcxml/schema/MARC21slim.xsd">
<marc:record><marc:leader>01196ntc a2200205Ia 4500</marc:leader>
<marc:controlfield tag="008">040320k19391958xx            000 0 eng d</marc:controlfield>
<marc:datafield tag="040" ind1=" " ind2=" "><marc:subfield code="a">ORE</marc:subfield><marc:subfield code="e">dacs</marc:subfield><marc:subfield code="c">ORE</marc:subfield></marc:datafield><marc:datafield tag="099" ind1=" " ind2=" "><marc:subfield code="a">ARCH-MSS</marc:subfield></marc:datafield><marc:datafield tag="245" ind1="1" ind2="0"><marc:subfield code="a">American Association of Industrial Editors (AAIE) Records,</marc:subfield></marc:datafield><marc:datafield tag="300" ind1=" " ind2=" "><marc:subfield code="1"> linear ft..</marc:subfield></marc:datafield><marc:datafield tag="351" ind1=" " ind2=" "><marc:subfield code="a">Arrangement of the Collection The collection is unprocessed and remains in original order.</marc:subfield></marc:datafield><marc:datafield tag="500" ind1=" " ind2=" "><marc:subfield code="a">General</marc:subfield></marc:datafield><marc:datafield tag="500" ind1=" " ind2=" "><marc:subfield code="a">General An inventory has not yet been created for this collection. Please contact the Repository listed above for more information.</marc:subfield></marc:datafield><marc:datafield tag="506" ind1=" " ind2=" "><marc:subfield code="a">Access Restrictions The collection is unprocessed and accessible by special permission only.</marc:subfield></marc:datafield><marc:datafield tag="520" ind1="2" ind2=" "><marc:subfield code="a">The American Association of Industrial Editors Records contains minutes, reports, photographs, printed materials and other items from the American professional editors' association.</marc:subfield></marc:datafield><marc:datafield tag="524" ind1=" " ind2=" "><marc:subfield code="a">Preferred Citation Preferred citation for this material is as follows: American Association of Industrial Editors (AAIE) Records,</marc:subfield></marc:datafield><marc:datafield tag="555" ind1=" " ind2=" "><marc:subfield code="a">Finding aid available in the University Archives and on its World Wide Web site.</marc:subfield></marc:datafield><marc:datafield tag="650" ind1=" " ind2="0"><marc:subfield code="a">Editors </marc:subfield><marc:subfield code="x"> Professional associations.</marc:subfield></marc:datafield><marc:datafield tag="650" ind1=" " ind2="0"><marc:subfield code="a">House organs.</marc:subfield></marc:datafield><marc:datafield tag="856" ind1="4" ind2="2"><marc:subfield code="u"></marc:subfield><marc:subfield code="z">View the EAD finding aid.</marc:subfield></marc:datafield></marc:record>
</marc:collection>
